@book{rudin,
    author = "Рудин У.",
    title = "Основы математического анализа",
    translator="Хавин В. П.",
    publisher={Издательство «Мир»},
    year={1966}
}

@book{khinchin,
    author = "Хинчин А. Я.",
    title = "Восемь лекций по математическому анализу",
    publisher={Гос. изд-во технико-теоретической литературы},
    year={1948}
}

@book{kolmogorovfomin,
    author = "Фомин С. В., Колмогоров А. Н.",
    title = "Элементы теории функций и функционального анализа",
    publisher={Издательство «Физматлит»},
    year={2004}
}

@book{vilenkin,
    author = "Виленкин Н. Я.",
    title = "Рассказы о множествах",
    publisher={Издательство МЦНМО},
    year={2005}
}
